<record><leader>00000cas a22000007a 4500</leader><controlfield tag="001">14115905</controlfield><controlfield tag="008">860820d19101970mtuwr ne      0   a0eng d</controlfield><datafield ind1=" " ind2=" " tag="010"><subfield code="a">sn 86075298 </subfield></datafield><datafield ind1=" " ind2=" " tag="040"><subfield code="a">MTL</subfield><subfield code="b">eng</subfield><subfield code="c">MTL</subfield><subfield code="d">OCLCQ</subfield><subfield code="d">DLC</subfield><subfield code="d">OCLCF</subfield></datafield><datafield ind1="0" ind2=" " tag="022"><subfield code="a">2332-9807</subfield><subfield code="2">1</subfield></datafield><datafield ind1=" " ind2=" " tag="042"><subfield code="a">msc</subfield><subfield code="a">nsdp</subfield></datafield><datafield ind1=" " ind2=" " tag="043"><subfield code="a">n-us-mt</subfield></datafield><datafield ind1="0" ind2="0" tag="050"><subfield code="a">Newspaper</subfield></datafield><datafield ind1="0" ind2="0" tag="082"><subfield code="a">071</subfield><subfield code="2">23</subfield></datafield><datafield ind1="0" ind2=" " tag="130"><subfield code="a">Ronan pioneer (Ronan, Mont. : 1910)</subfield></datafield><datafield ind1=" " ind2="4" tag="222"><subfield code="a">The Ronan pioneer</subfield><subfield code="b">(Ronan, Mont. 1910. Print)</subfield></datafield><datafield ind1="1" ind2="4" tag="245"><subfield code="a">The Ronan pioneer.</subfield></datafield><datafield ind1=" " ind2=" " tag="260"><subfield code="a">Ronan, Mont. :</subfield><subfield code="b">C.F. Rathbone,</subfield><subfield code="c">-1970.</subfield></datafield><datafield ind1=" " ind2=" " tag="300"><subfield code="a">61 v. :</subfield><subfield code="b">ill. ;</subfield><subfield code="c">35-58 cm.</subfield></datafield><datafield ind1=" " ind2=" " tag="310"><subfield code="a">Weekly</subfield></datafield><datafield ind1="0" ind2=" " tag="362"><subfield code="a">-v. 51 [i.e. 61], no. 22 (July 30, 1970).</subfield></datafield><datafield ind1="1" ind2=" " tag="362"><subfield code="a">Began in 1910.</subfield><subfield code="z">Cf. Newspaper directory of Montana, 1920.</subfield></datafield><datafield ind1=" " ind2=" " tag="530"><subfield code="a">Archived issues are available in digital format as part of the Library of Congress Chronicling America online collection.</subfield></datafield><datafield ind1=" " ind2=" " tag="580"><subfield code="a">Merged with: Hot Springs citizen, to form: Ronan pioneer and the Hot Springs citizen.</subfield></datafield><datafield ind1=" " ind2=" " tag="588"><subfield code="a">Description based on: Vol. 1, no. 38 (Feb. 3, 1911).</subfield></datafield><datafield ind1=" " ind2="0" tag="651"><subfield code="a">Ronan (Mont.)</subfield><subfield code="v">Newspapers.</subfield></datafield><datafield ind1=" " ind2="7" tag="655"><subfield code="a">Newspapers.</subfield><subfield code="2">fast</subfield><subfield code="0">(OCoLC)fst01423814</subfield></datafield><datafield ind1=" " ind2="7" tag="651"><subfield code="a">Montana</subfield><subfield code="z">Ronan.</subfield><subfield code="2">fast</subfield><subfield code="0">(OCoLC)fst01203743</subfield></datafield><datafield ind1=" " ind2=" " tag="752"><subfield code="a">United States</subfield><subfield code="b">Montana</subfield><subfield code="c">Lake</subfield><subfield code="d">Ronan.</subfield></datafield><datafield ind1="0" ind2="8" tag="776"><subfield code="i">Online version:</subfield><subfield code="t">Ronan pioneer (Ronan, Mont. : 1910 : Online)</subfield><subfield code="x">2332-9815</subfield><subfield code="w">(DLC)  2013271993</subfield><subfield code="w">(OCoLC)862979445</subfield></datafield><datafield ind1="1" ind2="7" tag="785"><subfield code="t">Hot Springs citizen</subfield><subfield code="w">(DLC)sn 84036105</subfield><subfield code="w">(OCoLC)10902168</subfield></datafield><datafield ind1="1" ind2="7" tag="785"><subfield code="t">Ronan pioneer and the Hot Springs citizen</subfield><subfield code="w">(DLC)sn 86075297</subfield><subfield code="w">(OCoLC)14115933</subfield></datafield><datafield ind1="4" ind2="1" tag="856"><subfield code="u">http://www.loc.gov/chroniclingamerica/lccn/sn86075298/issues</subfield></datafield></record>